@misc{marioFalcao2015,
 author = {Falc{\~a}o, M.S.},
 title = {Análise cognitiva para prote{\c{c}}{\~a}o da crian{\c{c}}a nas redes sociais},
 note    = {50 f. Monografia (graduação) - Campus Quixadá, Universidade Federal do Ceará, Quixadá, Brasil},
 year    = {2015}
}
%TCC - lucas araujo
@misc{lucasAraujo2015,
 author = {Ara{\'u}jo, J.L.},
 title = {MINERAÇÃO DE TEXTOS DO TWITTER UTILIZANDO TÉCNICAS
DE CLASSIFICAÇÃO},
 note    = {41 f. Monografia (graduação) - Campus Quixadá, Universidade Federal do Ceará, Quixadá, Brasil},
 year    = {2015}
}
% --
@article{priscilarodrigues12016dinamica,
  title={Din{\^a}mica de Temas Abordados no Twitter Via Evolu{\c{c}}{\~a}o de Clusters},
  author={Rodrigues$^1$, Priscila RF and da Silva$^1$, Ticiana Coelho and Sousa, Fl{\'a}vio RC and Magalh{\~a}es$^1$, Regis P and de Mac{\^e}do, Jose AF},
  year={2016}
}
%Dados sobre o youtube
@misc{ alexaYoutube,
    author="alexa",
    title = "Youtube.com Traffic, Demographics and Competitors - Alexa",
    year = "2017",
    url = "https://www.alexa.com/siteinfo/youtube.com",
    note = "[Online; Acesso em: 5 Out.2017]"
}

%Estatuto da criança e adolescente
@misc{ eca_lei,
    author="ECA",
    title = "Estatuto da Criança e do Adolescente",
    year = "1990",
    url = "http://www.planalto.gov.br/ccivil_03/leis/l8069.htm",
    note = "[Online; Acesso em: 21 Mai.2018]"
}

%Text mining
@article{morais2007mineraccao,
  title={Minera{\c{c}}ao de textos},
  author={Morais, Edison Andrade Martins and Ambr{\'o}sio, Ana Paula L},
  journal={Relat{\'o}rio T{\'e}cnico--Instituto de Inform{\'a}tica (UFG)},
  year={2007}
}

@inproceedings{Dorre1999TMFTextMining,
 author = {D{\"o}rre, Jochen and Gerstl, Peter and Seiffert, Roland},
 title = {Text Mining: Finding Nuggets in Mountains of Textual Data},
 booktitle = {Proceedings of the Fifth ACM SIGKDD International Conference on Knowledge Discovery and Data Mining},
 series = {KDD '99},
 year = {1999},
 isbn = {1-58113-143-7},
 location = {San Diego, California, USA},
 pages = {398--401},
 numpages = {4},
 url = {http://doi.acm.org/10.1145/312129.312299},
 doi = {10.1145/312129.312299},
 acmid = {312299},
 publisher = {ACM},
 address = {New York, NY, USA},
 keywords = {clustering, customer relationship management, feature extraction, text categorization, text mining},
}

%Data mining
@book{tan2009DataMining,
  title={Introdu{\c{c}}{\~a}o ao datamining: minera{\c{c}}{\~a}o de dados},
  author={Tan, Pang-Ning and Steinbach, Michael and Kumar, Vipin},
  year={2009},
  publisher={Ci{\^e}ncia Moderna}
} 

%Comentarios do youtube
@article{schultes2013leave,
  title={Leave a Comment! An In-Depth Analysis of User Comments on YouTube.},
  author={Schultes, Peter and Dorner, Verena and Lehner, Franz},
  year={2013}
}

@article{ammari2011filteringYt,
  title={Semantically enriched machine learning approach to filter YouTube comments for socially augmented user models},
  author={Ammari, Ahmad and Dimitrova, Vania and Despotakis, Dimoklis},
  journal={UMAP},
  pages={71--85},
  year={2011}
}

%proteção de criancas na rede
@article{EnyoGoncalves2017,
author = {De Oliveira, Marcos and Salathiel de Souza Viana, Thársis and Coelho da Silva, Ticiana and Gonçalves, Enyo and Sergio Rodrigues Falcão Jr, Mário},
year = {2017},
month = {04},
pages = {},
title = {Textual Analysis for the Protection of Children and Teenagers in Social Media: Classification of Inappropriate Messages for Children and Teenagers}
}
%Referencia do enyo para bayes multinomial e nayve bayes
@inproceedings{metsis2006spamBayes,
  title={Spam filtering with naive bayes-which naive bayes?},
  author={Metsis, Vangelis and Androutsopoulos, Ion and Paliouras, Georgios},
  booktitle={CEAS},
  volume={17},
  pages={28--69},
  year={2006}
}

@article{marioFalcao2016,
author = {Falc{\~a}o, M bayes
ário and Gonçalves, Enyo and Coelho da Silva, Ticiana and De Oliveira, Marcos},
year = {2016},
month = {04},
pages = {},
title = {Behavioral Analysis for Child Protection in Social Network through Data Mining and Multiagent Systems}
}
%Referencia para arvore de decião, (desse artigo do mario falcão acima)
@article{quinlan1986induction,
  title={Induction of decision trees},
  author={Quinlan, J. Ross},
  journal={Machine learning},
  volume={1},
  number={1},
  pages={81--106},
  year={1986},
  publisher={Springer}
}

%NLP
@article{liddy2001naturallanguage,
  title={Natural language processing},
  author={Liddy, Elizabeth D},
  year={2001}
}

%NAIVE BAYES
@article{zhang2004optimalitybayes,
  title={The optimality of naive Bayes},
  author={Zhang, Harry},
  journal={AA},
  volume={1},
  number={2},
  pages={3},
  year={2004}
}

@INPROCEEDINGS{ZhangandLi2007Bayes,
author={H. Zhang and D. Li},
booktitle={2007 IEEE International Conference on Granular Computing (GRC 2007)},
title={Naïve Bayes Text Classifier},
year={2007},
volume={},
number={},
pages={708-708},
keywords={Bayes methods;text analysis;unsolicited e-mail;Bayesian theorem;naive Bayes;search engines;spam email filters;text classification algorithms;Bayesian methods;Classification algorithms;Computer science;Detectors;Inference algorithms;Probability;Search engines;Support vector machine classification;Support vector machines;Text categorization},
doi={10.1109/GrC.2007.40},
ISSN={},
month={Nov},}


@article{thelwall2012sentistrength,
  title={Sentiment strength detection for the social web},
  author={Thelwall, Mike and Buckley, Kevan and Paltoglou, Georgios},
  journal={Journal of the Association for Information Science and Technology},
  volume={63},
  number={1},
  pages={163--173},
  year={2012},
  publisher={Wiley Online Library}
}

%SCIKIT
@article{scikit-learn,
 title={Scikit-learn: Machine Learning in {P}ython},
 author={Pedregosa, F. and Varoquaux, G. and Gramfort, A. and Michel, V.
         and Thirion, B. and Grisel, O. and Blondel, M. and Prettenhofer, P.
         and Weiss, R. and Dubourg, V. and Vanderplas, J. and Passos, A. and
         Cournapeau, D. and Brucher, M. and Perrot, M. and Duchesnay, E.},
 journal={Journal of Machine Learning Research},
 volume={12},
 pages={2825--2830},
 year={2011}
}